@phdthesis{ur2016supporting,
  title={Supporting Password-Security Decisions with Data.},
  author={Ur, Blase},
  year={2016},
  school={Carnegie Mellon University, USA}
}
